<record><leader>00000cas a22000007a 4500</leader><controlfield tag="001">8805148</controlfield><controlfield tag="008">820924d18381838kyuwr ne      0   a0eng  </controlfield><controlfield tag="009">466</controlfield><datafield ind1=" " ind2=" " tag="010"><subfield code="a">sn 82015298 </subfield></datafield><datafield ind1=" " ind2=" " tag="040"><subfield code="a">DLC</subfield><subfield code="b">eng</subfield><subfield code="c">DLC</subfield><subfield code="d">KNP</subfield><subfield code="d">CVF</subfield></datafield><datafield ind1="1" ind2=" " tag="029"><subfield code="a">AU@</subfield><subfield code="b">000025828979</subfield></datafield><datafield ind1=" " ind2=" " tag="042"><subfield code="a">msc</subfield></datafield><datafield ind1="0" ind2="0" tag="050"><subfield code="a">Newspaper 7885-X</subfield></datafield><datafield ind1="0" ind2=" " tag="130"><subfield code="a">Kentucky Democrat (Frankfort, Ky.)</subfield></datafield><datafield ind1="0" ind2="0" tag="245"><subfield code="a">Kentucky Democrat.</subfield></datafield><datafield ind1=" " ind2=" " tag="260"><subfield code="a">Frankfort [Ky.] :</subfield><subfield code="b">C. Stone,</subfield><subfield code="c">1838.</subfield></datafield><datafield ind1=" " ind2=" " tag="300"><subfield code="a">1 v. ;</subfield><subfield code="c">68 cm.</subfield></datafield><datafield ind1=" " ind2=" " tag="310"><subfield code="a">Weekly</subfield></datafield><datafield ind1="0" ind2=" " tag="362"><subfield code="a">Vol. 1, no. 1 (Oct. 15, 1838)-v. 1, no. 4 (Nov. 8, 1838).</subfield></datafield><datafield ind1=" " ind2=" " tag="752"><subfield code="a">United States</subfield><subfield code="b">Kentucky</subfield><subfield code="c">Franklin</subfield><subfield code="d">Frankfort.</subfield></datafield><datafield ind1="0" ind2="0" tag="785"><subfield code="t">Western Democrat</subfield><subfield code="w">(DLC)sn 82015394</subfield></datafield></record>